@Book{FUJIMOTO,
 author = {Fujimoto, Richard M.},
 title = {Parallel and Distribution Simulation Systems},
 year = {1999},
 isbn = {0471183830},
 publisher = {John Wiley \& Sons, Inc.},
 address = {New York, NY, USA},
 }


@PhdThesis{EDMARMO,
author = {Edmilson Marmor Moreira},
title = {Rollback Solidário: Um novo Protoloco Otimista para Simulação Distribuída},
school = {USP - São Carlos, SP},
year = {2003},
}

@PhdThesis{RIBEIROALVES,
author = {Alves Júnior, Antonio R. and Walbon, Gustavo and Takahashi, Willian},
title = {Agentes móveis e Simulação Distribuída},
school = {UNIFEI, Itajubá - MG},
year = {2009},
}
 
@PhdThesis{Plank93,
author = {J. S. Plank},
title = {Eﬃcient Checkpoints on MIMD Architectures},
school = {Princeton University},
year = {1993},
} 
    

@Misc{OMG,
  author = 	 {OMG},
  title = 	 {Object Management Group},
  howpublished ={{\url{http://www.omg.org}}},
  note = 	 {{\small{(visitada em Junho/2009)}}},

}

@Book{BAEZNER1,
author = {D BAEZNER and G LOMOW and B W UNGER},
editor = {International Journal in Computer Simulation},
title = {A parallel simulation environment based on time warp},
publisher = {International Journal in Computer Simulation},
year = {1994},
volume = {4},
number = {2},
pages = {183–207}
}

@InBook{ChandyLamport,
author = {Leslie Lamport and K. M. Chandy},
publisher = {ACM Transactions on Computer Systems},
title = {Distributed Snapshots: Determining Global States Of Distributed Systems},
year = {1985},
volume = {3},
number = {1},
pages = {63-75}
}


@InBook{CMB1,
author = {Misra, J. and Chandy, K. M.},
title = {Distributed Simulation: A Case study in design and verification of distributed programs},
publisher = {IEEE Transactions on Software Engineering},
year = {1979},
key = {CMB},
number = {5},
month = {September},
pages = {440–452},
}

@InBook{CMB2,
author = {Bryant, Randal E},
title = {Simulation of Packet Communication Architecture Computer Systems},
publisher = {Massachussets},
year = {1977},
volume = {7(3)},
pages = {404-425},
}

@InProceedings{WARPED,
author = {MARTIN, D. E. and MCBRAYER, T. J. and WILSEY, P. A. },
title = { Warped: A Time Warp simulation kernel for analysis and application development},
year = {1996},
volume = {1},
month = {January},
publisher = { Proceedings of the 29th Hawaii International Conference on System Sciences},
pages = {383–386}
}

@InProceedings{REYNOLDS82,
author = {REYNOLDS, P. F. },
title = {A shared resource algorithm for distributed simulation},
booktitle = {Proceedings of the 9th Annual Symposium on Computer Architecture},
pages = {259–266},
year = {1982},
month = {Abril}
}

@InProceedings{REYNOLDS84,
author = {NICOL, D. M. and REYNOLDS, P. F.},
title = {Problem-oriented protocol design},
booktitle = {Proceedings of the 16th Conference on Winter Simulation},
pages = {471–474,},
year = {1984},
month = {December}
}

@InProceedings{CAITURNER,
author = {CAI, W. and TURNER, S. J.},
title = {An algorithm for distributed discrete-event simulation – the “carrier null message” approach},
booktitle = {Proceedings of the SCS Multiconference on Distributed Simulation},
pages = {3-8},
year = {1990},
volume = {22},
number = {1},
month = {January}
}

@Article{STEINMAN92,
author = {STEINMAN, J. S.},
title = {Speedes: A multiple synchronization environment for parallel discrete event simulation},
journal = {International Journal in Computer Simulation},
year = {1992},
volume = {2},
pages = {251–286}
}

@InProceedings{DAS94,
author = {Samir Das},
title = {Gtw: A Time Warp system for shared memory multiprocessors},
booktitle = {Proceedings
of the 26th Conference on Winter Simulation},
pages = {p. 1332–1339},
year = {1994},
month = {December}
}

